<collection xmlns="http://www.loc.gov/MARC21/slim">
<record>
  <leader>01791nam0a22002651i 450 </leader>
  <controlfield tag="001">IT\ICCU\CNCE\041593</controlfield>
  <controlfield tag="005">19981130000000.0</controlfield>
  <datafield tag="012" ind1=" " ind2=" ">
    <subfield code="a">s,8. 8.n- asg. adpr (7) 1569 (R)</subfield>
    <subfield code="2">fei</subfield>
  </datafield>
  <datafield tag="100" ind1=" " ind2=" ">
    <subfield code="a">19981127d1569        0itac0103    ba</subfield>
  </datafield>
  <datafield tag="101" ind1=" " ind2=" ">
    <subfield code="a">LAT</subfield>
  </datafield>
  <datafield tag="102" ind1=" " ind2=" ">
    <subfield code="a">IT</subfield>
  </datafield>
  <datafield tag="200" ind1="1" ind2=" ">
    <subfield code="a">Repertorium mirifici apparatus excellentissimi domini Ioannis Antonii de Nigris ... super extrauaganti constitutione Clementis papae 7. contra clericos non incedentes in habitu, et tonsura, cum multis nouis additionibus, &amp; cum materia de spoliis, &amp; renunciatione beneficiorum, nouiter in lucem edita cum nouo fecundissimo indice magnifici Berlingerij Bernalia v.i. interpetris \!! dictae ciuitatis Campaniae feliciter exorditur</subfield>
  </datafield>
  <datafield tag="205" ind1=" " ind2=" ">
    <subfield code="a">In ciuitate Campaniae, 1569 (In ciuitate Camapniae \!! regni Neapolitani : apud Ioannem Dominicum Nibium, &amp; Io. Franciscum Scaglionum socios)</subfield>
  </datafield>
  <datafield tag="210" ind1=" " ind2=" ">
    <subfield code="a">\20!</subfield>
    <subfield code="d">80 p.</subfield>
    <subfield code="d"></subfield>
  </datafield>
  <datafield tag="215" ind1=" " ind2=" ">
    <subfield code="a">Cors.</subfield>
    <subfield code="d">rom</subfield>
  </datafield>
  <datafield tag="700" ind1=" " ind2="1">
    <subfield code="a">De_Nigris,</subfield>
    <subfield code="b">Giovanni Antonio</subfield>
    <subfield code="3">IT\ICCU\CNCA\004752</subfield>
  </datafield>
  <datafield tag="702" ind1=" " ind2="0">
    <subfield code="a">Clemens</subfield>
    <subfield code="c"> &lt;papa</subfield>
    <subfield code="c"> ; 7.&gt;</subfield>
    <subfield code="3">IT\ICCU\CNCA\003274</subfield>
  </datafield>
  <datafield tag="712" ind1="0" ind2="0">
    <subfield code="a">Nibbio, Giovanni Domenico &amp; Scaglione, Giovanni Francesco</subfield>
    <subfield code="3">IT\ICCU\CNCT\001683</subfield>
    <subfield code="4">650</subfield>
  </datafield>
  <datafield tag="790" ind1=" " ind2="1">
    <subfield code="a">Nigris,</subfield>
    <subfield code="b">Giovanni Antonio : de</subfield>
    <subfield code="3">IT\ICCU\CNCA\014785</subfield>
    <subfield code="z">De_Nigris, Giovanni Antonio</subfield>
  </datafield>
  <datafield tag="790" ind1=" " ind2="1">
    <subfield code="a">Medici,</subfield>
    <subfield code="b">Giulio : de&apos;</subfield>
    <subfield code="3">IT\ICCU\CNCA\014649</subfield>
    <subfield code="z">Clemens &lt;papa ; 7.&gt;</subfield>
  </datafield>
  <datafield tag="790" ind1=" " ind2="0">
    <subfield code="a">Clemente</subfield>
    <subfield code="c"> &lt;papa</subfield>
    <subfield code="c"> ; 7.&gt;</subfield>
    <subfield code="3">IT\ICCU\CNCA\023280</subfield>
    <subfield code="z">Clemens &lt;papa ; 7.&gt;</subfield>
  </datafield>
  <datafield tag="801" ind1=" " ind2="3">
    <subfield code="a">IT</subfield>
    <subfield code="b">ICCU</subfield>
    <subfield code="c">20201114</subfield>
  </datafield>
  <datafield tag="899" ind1=" " ind2=" ">
    <subfield code="a">Biblioteca nazionale centrale. Roma</subfield>
    <subfield code="z">MUTILO</subfield>
    <subfield code="1">RM0267</subfield>
    <subfield code="2">BVE CR</subfield>
  </datafield>
  <datafield tag="911" ind1=" " ind2=" ">
    <subfield code="a">In fine.</subfield>
    <subfield code="9">IT\ICCU\CNCM\000174</subfield>
  </datafield>
  <datafield tag="921" ind1=" " ind2=" ">
    <subfield code="a">IT\ICCU\CNCM\000174</subfield>
    <subfield code="b">Fortuna (donna in mare su globo con vela al vento). Paesaggio sullo sfondo. In cornice</subfield>
    <subfield code="e">Fata sequor virtute domor.</subfield>
    <subfield code="c">Z568</subfield>
    <subfield code="d">Motto anche in greco</subfield>
    <subfield code="f">FATASEQUOR</subfield>
    <subfield code="f">FORTUNA</subfield>
    <subfield code="f">GLOBO</subfield>
    <subfield code="f">VELA</subfield>
    <subfield code="g">1569-1570</subfield>
  </datafield>
</record>
</collection>
